[gd_scene load_steps=8 format=2]

[ext_resource path="res://scripts/GUI.gd" type="Script" id=1]
[ext_resource path="res://assets/images/DungeonTilesetII/ui/ui_heart_full.png" type="Texture" id=2]
[ext_resource path="res://assets/images/DungeonTilesetII/ui/ui_heart_half.png" type="Texture" id=3]
[ext_resource path="res://assets/images/energy_bg.png" type="Texture" id=4]
[ext_resource path="res://assets/images/energy_pg.png" type="Texture" id=5]
[ext_resource path="res://assets/fonts/Minecraft.ttf" type="DynamicFontData" id=6]

[sub_resource type="DynamicFont" id=1]
font_data = ExtResource( 6 )

[node name="GUI" type="MarginContainer"]
anchor_right = 1.0
custom_constants/margin_right = 8
custom_constants/margin_top = 8
custom_constants/margin_left = 8
custom_constants/margin_bottom = 8
script = ExtResource( 1 )
__meta__ = {
"_edit_use_anchors_": false
}

[node name="Top" type="HBoxContainer" parent="."]
margin_left = 8.0
margin_top = 8.0
margin_right = 472.0
margin_bottom = 24.0

[node name="HealthBar" type="HBoxContainer" parent="Top"]
margin_right = 32.0
margin_bottom = 16.0
custom_constants/separation = 0

[node name="FullHeart" type="TextureRect" parent="Top/HealthBar"]
margin_right = 16.0
margin_bottom = 16.0
texture = ExtResource( 2 )
stretch_mode = 2

[node name="HalfHeart" type="TextureRect" parent="Top/HealthBar"]
margin_left = 16.0
margin_right = 32.0
margin_bottom = 16.0
texture = ExtResource( 3 )
stretch_mode = 2

[node name="Ultimate" type="HBoxContainer" parent="Top"]
margin_left = 36.0
margin_right = 464.0
margin_bottom = 16.0
size_flags_horizontal = 3
alignment = 2

[node name="Label" type="Label" parent="Top/Ultimate"]
margin_left = 274.0
margin_right = 328.0
margin_bottom = 16.0
custom_fonts/font = SubResource( 1 )
text = "Freeze"

[node name="TextureProgress" type="TextureProgress" parent="Top/Ultimate"]
margin_left = 332.0
margin_right = 428.0
margin_bottom = 16.0
max_value = 100.0
texture_under = ExtResource( 4 )
texture_progress = ExtResource( 5 )
